@article{xie2017review,
  title={A review of urban air pollution monitoring and exposure assessment methods},
  author={Xie, Xingzhe and Semanjski, Ivana and Gautama, Sidharta and Tsiligianni, Evaggelia and Deligiannis, Nikos and Rajan, Raj Thilak and Pasveer, Frank and Philips, Wilfried},
  journal={ISPRS International Journal of Geo-Information},
  volume={6},
  number={12},
  pages={389},
  year={2017},
  publisher={MDPI}
}
@article{asadzadeh2022uav,
  title={UAV-based remote sensing for the petroleum industry and environmental monitoring: State-of-the-art and perspectives},
  author={Asadzadeh, Saeid and de Oliveira, Wilson Jos{\'e} and de Souza Filho, Carlos Roberto},
  journal={Journal of Petroleum Science and Engineering},
  volume={208},
  pages={109633},
  year={2022},
  publisher={Elsevier}
}
@article{motlagh2023unmanned,
  title={Unmanned aerial vehicles for air pollution monitoring: A survey},
  author={Motlagh, Naser Hossein and Korto{\c{c}}i, Pranvera and Su, Xiang and Lov{\'e}n, Lauri and Hoel, Hans Kristian and Haugsv{\ae}r, Sindre Bjerkestrand and Srivastava, Varun and Gulbrandsen, Casper Fabian and Nurmi, Petteri and Tarkoma, Sasu},
  journal={IEEE Internet of Things Journal},
  year={2023},
  publisher={IEEE}
}
@article{wang2024efficient,
  title={Efficient Path Planning for UAVs to Recognize Chimneys With Excessive Exhaust Emissions},
  author={Wang, You-Chiun and Chen, Che-Yi},
  journal={IEEE Internet of Things Journal},
  year={2024},
  publisher={IEEE}
}
@article{kas2020using,
  title={Using unmanned aerial vehicles and robotics in hazardous locations safely},
  author={Kas, Kathleen A and Johnson, Gary K},
  journal={Process safety progress},
  volume={39},
  number={1},
  pages={e12066},
  year={2020},
  publisher={Wiley Online Library}
}
@article{wanasinghe2020unmanned,
  title={Unmanned aerial systems for the oil and gas industry: Overview, applications, and challenges},
  author={Wanasinghe, Thumeera R and Gosine, Raymond G and De Silva, Oscar and Mann, George KI and James, Lesley Anne and Warrian, Peter},
  journal={IEEE access},
  volume={8},
  pages={166980--166997},
  year={2020},
  publisher={IEEE}
}
@article{rashid2020optimized,
  title={Optimized inspection of upstream oil and gas methane emissions using airborne LiDAR surveillance},
  author={Rashid, Kashif and Speck, Andrew and Osedach, Timothy P and Perroni, Dominic V and Pomerantz, Andrew E},
  journal={Applied Energy},
  volume={275},
  pages={115327},
  year={2020},
  publisher={Elsevier}
}
@article{vinh2022design,
  title={Design of scheduling algorithms for UAVs to Detect Air Pollution Sources from Chimneys in Industrial Area},
  author={Vinh, Le Van and Huyen, Ngo Thanh},
  journal={Annals of Computer Science and Information Systems},
  volume={33},
  year={2022}
}
@online{WHO-poluted99,
  author = {World Health Organization},
  title = {Air pollution},
  url = {https://www.who.int/health-topics/air-pollution#tab=tab_1},
  urldate = {2024-09-19}
}
@article{barbera2010hyperbolic,
  title={A hyperbolic model for the effects of urbanization on air pollution},
  author={Barbera, Elvira and Curro, Carmela and Valenti, Giovanna},
  journal={Applied mathematical modelling},
  volume={34},
  number={8},
  pages={2192--2202},
  year={2010},
  publisher={Elsevier}
}
@article{zarrar2023drive,
  title={Drive-by Air Pollution Sensing Systems: Challenges and Future Directions},
  author={Zarrar, Hassan and Dyo, Vladimir},
  journal={IEEE Sensors Journal},
  year={2023},
  publisher={IEEE}
}
@misc{world2016ambient,
  title={Ambient Air Pollution: A Global Assessment of Exposure and Burden of Disease},
  author={World Health Organization and others},
  year={2016},
  publisher={WHO Press}
}
@online{Injuries2022,
  author = {Bureau of Labor Statistics (BLS)},
  title = {NATIONAL CENSUS OF FATAL OCCUPATIONAL INJURIES IN 2022},
  url = { https://www.bls.gov/news.release/pdf/cfoi.pdf},
  urldate = {2023-12-19}
}
@online{testo350application,
  author = {Testo},
  title = {Application videos testo 340/350},
  url = { https://www.testo.com/en-UK/videos/emission-sustainability-application-video},
  urldate = {2024-9-23}
}

@online{testo350specs,
  author = {Testo},
  title = {Testo 350 Technical Data},
  url = {https://www.testo.com/en-UK/testo-350/p/0632-3510#tab-technicalData},
  urldate = {2025-2-20}
}
@online{MRUNovaPluseSpecs,
  author = {MRU},
  title = {MRU Nova Pluse Technical Data},
  url = {https://www.mru.eu/en/products/detail/novaplus/},
  urldate = {2025-2-20}
}
@online{MRUVARIOLuxx,
  author = {MRU },
  title = {MRU VARIO Luxx Technical Data},
  url = {https://www.mru.eu/en/products/detail/varioluxx/},
  urldate = {2025-2-20}
}
@online{AMETEKLandLancom4,
  author = {ATECORP},
  title = {AMETEK Land Lancom 4 Technical Data},
  url = {https://www.atecorp.com/products/ametek-land/lancom-4?srsltid=AfmBOopAMYMR6IyrwvwTXpxDIF3mEguDjfn0ysYo3UwLeb-uPD-NTX0n},
  urldate = {2025-2-20}
}

@article{qiu2017low,
  title={Low altitude UAV air-to-ground channel measurement and modeling in Semiurban environments},
  author={Qiu, Zhihong and Chu, Xi and Calvo-Ramirez, Cesar and Briso, C{\'e}sar and Yin, Xuefeng},
  journal={Wireless Communications and Mobile Computing},
  volume={2017},
  number={1},
  pages={1587412},
  year={2017},
  publisher={Wiley Online Library}
}
@article{gao2020aq360,
  title={AQ360: UAV-aided air quality monitoring by 360-degree aerial panoramic images in urban areas},
  author={Gao, Jiahao and Hu, Zhiwen and Bian, Kaigui and Mao, Xinyu and Song, Lingyang},
  journal={IEEE Internet of Things Journal},
  volume={8},
  number={1},
  pages={428--442},
  year={2020},
  publisher={IEEE}
}
@article{le2022efficient,
  title={Efficient UAV scheduling for air pollution source detection from chimneys in an industrial area},
  author={Le, Vinh V and Nguyen, Dung HP and Wang, Huai-Den and Liu, Bing-Hong and Chu, Shao-I},
  journal={IEEE Sensors Journal},
  volume={22},
  number={20},
  pages={19983--19994},
  year={2022},
  publisher={IEEE}
}
@article{alvear2017using,
  title={Using UAV-Based Systems to Monitor Air Pollution in Areas with Poor Accessibility},
  author={Alvear, Oscar and Zema, Nicola Roberto and Natalizio, Enrico and Calafate, Carlos T},
  journal={Journal of advanced Transportation},
  volume={2017},
  number={1},
  pages={8204353},
  year={2017},
  publisher={Wiley Online Library}
}

@book{spong2020robot,
  title={Robot modeling and control},
  author={Spong, Mark W and Hutchinson, Seth and Vidyasagar, Mathukumalli},
  year={2020},
  publisher={John Wiley \& Sons}
}

@misc{githubrepo2025,
  author = {Mojtaba Bahrami},
  title = {IndustrialStackEmissionsMonitoringDrone},
  year = {2025},
  howpublished = {\url{https://github.com/mojtaba-brz/IndustrialStackEmissionsMonitoringDrone}}
}
